[gd_scene load_steps=62 format=2]

[ext_resource path="res://Graphics/dungeon_sheet.png" type="Texture" id=1]

[sub_resource type="RectangleShape2D" id=1]

custom_solver_bias = 0.0
extents = Vector2( 16, 7 )

[sub_resource type="RectangleShape2D" id=2]

custom_solver_bias = 0.0
extents = Vector2( 3, 16 )

[sub_resource type="RectangleShape2D" id=3]

custom_solver_bias = 0.0
extents = Vector2( 4, 16 )

[sub_resource type="RectangleShape2D" id=4]

custom_solver_bias = 0.0
extents = Vector2( 3, 16 )

[sub_resource type="RectangleShape2D" id=5]

custom_solver_bias = 0.0
extents = Vector2( 4, 16 )

[sub_resource type="RectangleShape2D" id=6]

custom_solver_bias = 0.0
extents = Vector2( 3, 16 )

[sub_resource type="RectangleShape2D" id=7]

custom_solver_bias = 0.0
extents = Vector2( 16, 4 )

[sub_resource type="RectangleShape2D" id=8]

custom_solver_bias = 0.0
extents = Vector2( 8, 8 )

[sub_resource type="RectangleShape2D" id=9]

custom_solver_bias = 0.0
extents = Vector2( 6, 3 )

[sub_resource type="RectangleShape2D" id=10]

custom_solver_bias = 0.0
extents = Vector2( 4, 3 )

[sub_resource type="RectangleShape2D" id=11]

custom_solver_bias = 0.0
extents = Vector2( 6, 3 )

[sub_resource type="RectangleShape2D" id=12]

custom_solver_bias = 0.0
extents = Vector2( 8, 8 )

[sub_resource type="RectangleShape2D" id=13]

custom_solver_bias = 0.0
extents = Vector2( 6, 8 )

[sub_resource type="RectangleShape2D" id=14]

custom_solver_bias = 0.0
extents = Vector2( 4, 5 )

[sub_resource type="RectangleShape2D" id=15]

custom_solver_bias = 0.0
extents = Vector2( 8, 8 )

[sub_resource type="RectangleShape2D" id=16]

custom_solver_bias = 0.0
extents = Vector2( 6, 8 )

[sub_resource type="RectangleShape2D" id=17]

custom_solver_bias = 0.0
extents = Vector2( 4, 5 )

[sub_resource type="RectangleShape2D" id=18]

custom_solver_bias = 0.0
extents = Vector2( 8, 8 )

[sub_resource type="RectangleShape2D" id=19]

custom_solver_bias = 0.0
extents = Vector2( 3, 8 )

[sub_resource type="RectangleShape2D" id=20]

custom_solver_bias = 0.0
extents = Vector2( 4, 5 )

[sub_resource type="RectangleShape2D" id=21]

custom_solver_bias = 0.0
extents = Vector2( 4, 3 )

[sub_resource type="RectangleShape2D" id=22]

custom_solver_bias = 0.0
extents = Vector2( 8, 8 )

[sub_resource type="RectangleShape2D" id=23]

custom_solver_bias = 0.0
extents = Vector2( 3, 8 )

[sub_resource type="RectangleShape2D" id=24]

custom_solver_bias = 0.0
extents = Vector2( 4, 3 )

[sub_resource type="RectangleShape2D" id=25]

custom_solver_bias = 0.0
extents = Vector2( 4, 5 )

[sub_resource type="RectangleShape2D" id=26]

custom_solver_bias = 0.0
extents = Vector2( 8, 8 )

[sub_resource type="RectangleShape2D" id=27]

custom_solver_bias = 0.0
extents = Vector2( 3, 4 )

[sub_resource type="RectangleShape2D" id=28]

custom_solver_bias = 0.0
extents = Vector2( 6, 4 )

[sub_resource type="RectangleShape2D" id=29]

custom_solver_bias = 0.0
extents = Vector2( 8, 8 )

[sub_resource type="RectangleShape2D" id=30]

custom_solver_bias = 0.0
extents = Vector2( 3, 4 )

[sub_resource type="RectangleShape2D" id=31]

custom_solver_bias = 0.0
extents = Vector2( 6, 4 )

[sub_resource type="RectangleShape2D" id=32]

custom_solver_bias = 0.0
extents = Vector2( 3, 16 )

[sub_resource type="RectangleShape2D" id=33]

custom_solver_bias = 0.0
extents = Vector2( 3, 16 )

[sub_resource type="RectangleShape2D" id=34]

custom_solver_bias = 0.0
extents = Vector2( 4, 4 )

[sub_resource type="RectangleShape2D" id=35]

custom_solver_bias = 0.0
extents = Vector2( 4, 4 )

[sub_resource type="RectangleShape2D" id=36]

custom_solver_bias = 0.0
extents = Vector2( 4, 7 )

[sub_resource type="RectangleShape2D" id=37]

custom_solver_bias = 0.0
extents = Vector2( 3, 7 )

[sub_resource type="RectangleShape2D" id=38]

custom_solver_bias = 0.0
extents = Vector2( 8, 12 )

[sub_resource type="RectangleShape2D" id=39]

custom_solver_bias = 0.0
extents = Vector2( 8, 8 )

[sub_resource type="RectangleShape2D" id=40]

custom_solver_bias = 0.0
extents = Vector2( 4, 5 )

[sub_resource type="RectangleShape2D" id=41]

custom_solver_bias = 0.0
extents = Vector2( 16, 5 )

[sub_resource type="RectangleShape2D" id=42]

custom_solver_bias = 0.0
extents = Vector2( 8, 8 )

[sub_resource type="RectangleShape2D" id=43]

custom_solver_bias = 0.0
extents = Vector2( 4, 5 )

[sub_resource type="RectangleShape2D" id=44]

custom_solver_bias = 0.0
extents = Vector2( 10, 16 )

[sub_resource type="RectangleShape2D" id=45]

custom_solver_bias = 0.0
extents = Vector2( 16, 14 )

[sub_resource type="RectangleShape2D" id=46]

custom_solver_bias = 0.0
extents = Vector2( 10, 16 )

[sub_resource type="RectangleShape2D" id=47]

custom_solver_bias = 0.0
extents = Vector2( 3, 16 )

[sub_resource type="RectangleShape2D" id=48]

custom_solver_bias = 0.0
extents = Vector2( 3, 16 )

[sub_resource type="RectangleShape2D" id=49]

custom_solver_bias = 0.0
extents = Vector2( 8, 8 )

[sub_resource type="RectangleShape2D" id=50]

custom_solver_bias = 0.0
extents = Vector2( 3, 3 )

[sub_resource type="RectangleShape2D" id=51]

custom_solver_bias = 0.0
extents = Vector2( 3, 3 )

[sub_resource type="RectangleShape2D" id=52]

custom_solver_bias = 0.0
extents = Vector2( 16, 3 )

[sub_resource type="RectangleShape2D" id=53]

custom_solver_bias = 0.0
extents = Vector2( 8, 8 )

[sub_resource type="RectangleShape2D" id=54]

custom_solver_bias = 0.0
extents = Vector2( 3, 3 )

[sub_resource type="RectangleShape2D" id=55]

custom_solver_bias = 0.0
extents = Vector2( 4, 3 )

[sub_resource type="RectangleShape2D" id=56]

custom_solver_bias = 0.0
extents = Vector2( 16, 14 )

[sub_resource type="RectangleShape2D" id=57]

custom_solver_bias = 0.0
extents = Vector2( 16, 14 )

[sub_resource type="RectangleShape2D" id=58]

custom_solver_bias = 0.0
extents = Vector2( 14, 10 )

[sub_resource type="RectangleShape2D" id=59]

custom_solver_bias = 0.0
extents = Vector2( 10, 10 )

[sub_resource type="RectangleShape2D" id=60]

custom_solver_bias = 0.0
extents = Vector2( 8, 4 )

[node name="Node" type="Node"]

[node name="0x0" type="Sprite" parent="." index="0"]

editor/display_folded = true
position = Vector2( 16, 16 )
texture = ExtResource( 1 )
region_enabled = true
region_rect = Rect2( 0, 0, 32, 32 )
_sections_unfolded = [ "Animation", "Offset", "Region", "Transform" ]

[node name="StaticBody2D" type="StaticBody2D" parent="0x0" index="0"]

input_pickable = false
collision_layer = 1
collision_mask = 1
constant_linear_velocity = Vector2( 0, 0 )
constant_angular_velocity = 0.0
friction = 1.0
bounce = 0.0
_sections_unfolded = [ "Transform" ]

[node name="CollisionShape2D" type="CollisionShape2D" parent="0x0/StaticBody2D" index="0"]

position = Vector2( 0, -9 )
shape = SubResource( 1 )
_sections_unfolded = [ "Transform" ]

[node name="StaticBody2D2" type="StaticBody2D" parent="0x0" index="1"]

input_pickable = false
collision_layer = 1
collision_mask = 1
constant_linear_velocity = Vector2( 0, 0 )
constant_angular_velocity = 0.0
friction = 1.0
bounce = 0.0
_sections_unfolded = [ "Transform" ]

[node name="CollisionShape2D" type="CollisionShape2D" parent="0x0/StaticBody2D2" index="0"]

position = Vector2( -13, 0 )
shape = SubResource( 2 )
_sections_unfolded = [ "Transform" ]

[node name="0x1" type="Sprite" parent="." index="1"]

editor/display_folded = true
position = Vector2( 64, 16 )
texture = ExtResource( 1 )
region_enabled = true
region_rect = Rect2( 32, 0, 32, 32 )
_sections_unfolded = [ "Animation", "Offset", "Region", "Transform" ]

[node name="StaticBody2D" type="StaticBody2D" parent="0x1" index="0"]

input_pickable = false
collision_layer = 1
collision_mask = 1
constant_linear_velocity = Vector2( 0, 0 )
constant_angular_velocity = 0.0
friction = 1.0
bounce = 0.0
_sections_unfolded = [ "Transform" ]

[node name="CollisionShape2D" type="CollisionShape2D" parent="0x1/StaticBody2D" index="0"]

position = Vector2( 0, -9 )
shape = SubResource( 1 )
_sections_unfolded = [ "Transform" ]

[node name="0x2" type="Sprite" parent="." index="2"]

editor/display_folded = true
position = Vector2( 112, 16 )
texture = ExtResource( 1 )
region_enabled = true
region_rect = Rect2( 64, 0, 32, 32 )
_sections_unfolded = [ "Animation", "Offset", "Region", "Transform" ]

[node name="StaticBody2D2" type="StaticBody2D" parent="0x2" index="0"]

input_pickable = false
collision_layer = 1
collision_mask = 1
constant_linear_velocity = Vector2( 0, 0 )
constant_angular_velocity = 0.0
friction = 1.0
bounce = 0.0
_sections_unfolded = [ "Transform" ]

[node name="CollisionShape2D" type="CollisionShape2D" parent="0x2/StaticBody2D2" index="0"]

position = Vector2( 0, -9 )
shape = SubResource( 1 )
_sections_unfolded = [ "Transform" ]

[node name="StaticBody2D3" type="StaticBody2D" parent="0x2" index="1"]

input_pickable = false
collision_layer = 1
collision_mask = 1
constant_linear_velocity = Vector2( 0, 0 )
constant_angular_velocity = 0.0
friction = 1.0
bounce = 0.0
_sections_unfolded = [ "Transform" ]

[node name="CollisionShape2D" type="CollisionShape2D" parent="0x2/StaticBody2D3" index="0"]

position = Vector2( 12, 0 )
shape = SubResource( 3 )
_sections_unfolded = [ "Transform" ]

[node name="1x0" type="Sprite" parent="." index="3"]

editor/display_folded = true
position = Vector2( 16, 64 )
texture = ExtResource( 1 )
region_enabled = true
region_rect = Rect2( 0, 32, 32, 32 )
_sections_unfolded = [ "Animation", "Offset", "Region", "Transform" ]

[node name="StaticBody2D3" type="StaticBody2D" parent="1x0" index="0"]

input_pickable = false
collision_layer = 1
collision_mask = 1
constant_linear_velocity = Vector2( 0, 0 )
constant_angular_velocity = 0.0
friction = 1.0
bounce = 0.0
_sections_unfolded = [ "Transform" ]

[node name="CollisionShape2D" type="CollisionShape2D" parent="1x0/StaticBody2D3" index="0"]

position = Vector2( -13, 0 )
shape = SubResource( 4 )
_sections_unfolded = [ "Transform" ]

[node name="1x1" type="Sprite" parent="." index="4"]

position = Vector2( 64, 64 )
texture = ExtResource( 1 )
region_enabled = true
region_rect = Rect2( 32, 32, 32, 32 )
_sections_unfolded = [ "Animation", "Offset", "Region", "Transform" ]

[node name="1x2" type="Sprite" parent="." index="5"]

editor/display_folded = true
position = Vector2( 112, 64 )
texture = ExtResource( 1 )
region_enabled = true
region_rect = Rect2( 64, 32, 32, 32 )
_sections_unfolded = [ "Animation", "Offset", "Region", "Transform" ]

[node name="StaticBody2D4" type="StaticBody2D" parent="1x2" index="0"]

input_pickable = false
collision_layer = 1
collision_mask = 1
constant_linear_velocity = Vector2( 0, 0 )
constant_angular_velocity = 0.0
friction = 1.0
bounce = 0.0
_sections_unfolded = [ "Transform" ]

[node name="CollisionShape2D" type="CollisionShape2D" parent="1x2/StaticBody2D4" index="0"]

position = Vector2( 12, 0 )
shape = SubResource( 5 )
_sections_unfolded = [ "Transform" ]

[node name="2x0" type="Sprite" parent="." index="6"]

editor/display_folded = true
position = Vector2( 16, 112 )
texture = ExtResource( 1 )
region_enabled = true
region_rect = Rect2( 0, 64, 32, 32 )
_sections_unfolded = [ "Animation", "Offset", "Region", "Transform" ]

[node name="StaticBody2D5" type="StaticBody2D" parent="2x0" index="0"]

input_pickable = false
collision_layer = 1
collision_mask = 1
constant_linear_velocity = Vector2( 0, 0 )
constant_angular_velocity = 0.0
friction = 1.0
bounce = 0.0
_sections_unfolded = [ "Transform" ]

[node name="CollisionShape2D" type="CollisionShape2D" parent="2x0/StaticBody2D5" index="0"]

position = Vector2( -13, 0 )
shape = SubResource( 6 )
_sections_unfolded = [ "Transform" ]

[node name="StaticBody2D3" type="StaticBody2D" parent="2x0" index="1"]

input_pickable = false
collision_layer = 1
collision_mask = 1
constant_linear_velocity = Vector2( 0, 0 )
constant_angular_velocity = 0.0
friction = 1.0
bounce = 0.0
_sections_unfolded = [ "Transform" ]

[node name="CollisionShape2D" type="CollisionShape2D" parent="2x0/StaticBody2D3" index="0"]

position = Vector2( 0, 12 )
shape = SubResource( 7 )
_sections_unfolded = [ "Transform" ]

[node name="2x1" type="Sprite" parent="." index="7"]

editor/display_folded = true
position = Vector2( 64, 112 )
texture = ExtResource( 1 )
region_enabled = true
region_rect = Rect2( 32, 64, 32, 32 )
_sections_unfolded = [ "Animation", "Offset", "Region", "Transform" ]

[node name="StaticBody2D4" type="StaticBody2D" parent="2x1" index="0"]

input_pickable = false
collision_layer = 1
collision_mask = 1
constant_linear_velocity = Vector2( 0, 0 )
constant_angular_velocity = 0.0
friction = 1.0
bounce = 0.0
_sections_unfolded = [ "Transform" ]

[node name="CollisionShape2D" type="CollisionShape2D" parent="2x1/StaticBody2D4" index="0"]

position = Vector2( 0, 12 )
shape = SubResource( 7 )
_sections_unfolded = [ "Transform" ]

[node name="2x2" type="Sprite" parent="." index="8"]

editor/display_folded = true
position = Vector2( 112, 112 )
texture = ExtResource( 1 )
region_enabled = true
region_rect = Rect2( 64, 64, 32, 32 )
_sections_unfolded = [ "Animation", "Offset", "Region", "Transform" ]

[node name="StaticBody2D5" type="StaticBody2D" parent="2x2" index="0"]

input_pickable = false
collision_layer = 1
collision_mask = 1
constant_linear_velocity = Vector2( 0, 0 )
constant_angular_velocity = 0.0
friction = 1.0
bounce = 0.0
_sections_unfolded = [ "Transform" ]

[node name="CollisionShape2D" type="CollisionShape2D" parent="2x2/StaticBody2D5" index="0"]

position = Vector2( 12, 0 )
shape = SubResource( 5 )
_sections_unfolded = [ "Transform" ]

[node name="StaticBody2D" type="StaticBody2D" parent="2x2" index="1"]

input_pickable = false
collision_layer = 1
collision_mask = 1
constant_linear_velocity = Vector2( 0, 0 )
constant_angular_velocity = 0.0
friction = 1.0
bounce = 0.0
_sections_unfolded = [ "Transform" ]

[node name="CollisionShape2D" type="CollisionShape2D" parent="2x2/StaticBody2D" index="0"]

position = Vector2( 0, 12 )
shape = SubResource( 7 )
_sections_unfolded = [ "Transform" ]

[node name="CornerLeftDown" type="Sprite" parent="." index="9"]

editor/display_folded = true
position = Vector2( 160, 16 )
texture = ExtResource( 1 )
region_enabled = true
region_rect = Rect2( 96, 0, 32, 32 )
_sections_unfolded = [ "Region" ]

[node name="StaticBody2D" type="StaticBody2D" parent="CornerLeftDown" index="0"]

input_pickable = false
collision_layer = 1
collision_mask = 1
constant_linear_velocity = Vector2( 0, 0 )
constant_angular_velocity = 0.0
friction = 1.0
bounce = 0.0

[node name="CollisionShape2D" type="CollisionShape2D" parent="CornerLeftDown/StaticBody2D" index="0"]

position = Vector2( 0, -2 )
shape = SubResource( 8 )
_sections_unfolded = [ "Transform" ]

[node name="StaticBody2D2" type="StaticBody2D" parent="CornerLeftDown" index="1"]

input_pickable = false
collision_layer = 1
collision_mask = 1
constant_linear_velocity = Vector2( 0, 0 )
constant_angular_velocity = 0.0
friction = 1.0
bounce = 0.0
_sections_unfolded = [ "Transform" ]

[node name="CollisionShape2D" type="CollisionShape2D" parent="CornerLeftDown/StaticBody2D2" index="0"]

position = Vector2( 2, -13 )
shape = SubResource( 9 )
_sections_unfolded = [ "Transform" ]

[node name="StaticBody2D3" type="StaticBody2D" parent="CornerLeftDown" index="2"]

input_pickable = false
collision_layer = 1
collision_mask = 1
constant_linear_velocity = Vector2( 0, 0 )
constant_angular_velocity = 0.0
friction = 1.0
bounce = 0.0
_sections_unfolded = [ "Transform" ]

[node name="CollisionShape2D" type="CollisionShape2D" parent="CornerLeftDown/StaticBody2D3" index="0"]

position = Vector2( 12, -1 )
shape = SubResource( 10 )
_sections_unfolded = [ "Transform" ]

[node name="CornerRightDown" type="Sprite" parent="." index="10"]

editor/display_folded = true
position = Vector2( 208, 16 )
texture = ExtResource( 1 )
region_enabled = true
region_rect = Rect2( 128, 0, 32, 32 )
_sections_unfolded = [ "Region" ]

[node name="StaticBody2D" type="StaticBody2D" parent="CornerRightDown" index="0"]

editor/display_folded = true
input_pickable = false
collision_layer = 1
collision_mask = 1
constant_linear_velocity = Vector2( 0, 0 )
constant_angular_velocity = 0.0
friction = 1.0
bounce = 0.0

[node name="CollisionShape2D" type="CollisionShape2D" parent="CornerRightDown/StaticBody2D" index="0"]

position = Vector2( 0, -2 )
shape = SubResource( 8 )
_sections_unfolded = [ "Transform" ]

[node name="StaticBody2D2" type="StaticBody2D" parent="CornerRightDown" index="1"]

input_pickable = false
collision_layer = 1
collision_mask = 1
constant_linear_velocity = Vector2( 0, 0 )
constant_angular_velocity = 0.0
friction = 1.0
bounce = 0.0
_sections_unfolded = [ "Transform" ]

[node name="CollisionShape2D" type="CollisionShape2D" parent="CornerRightDown/StaticBody2D2" index="0"]

position = Vector2( -2, -13 )
shape = SubResource( 11 )
_sections_unfolded = [ "Transform" ]

[node name="StaticBody2D3" type="StaticBody2D" parent="CornerRightDown" index="2"]

editor/display_folded = true
input_pickable = false
collision_layer = 1
collision_mask = 1
constant_linear_velocity = Vector2( 0, 0 )
constant_angular_velocity = 0.0
friction = 1.0
bounce = 0.0
_sections_unfolded = [ "Transform" ]

[node name="CollisionShape2D" type="CollisionShape2D" parent="CornerRightDown/StaticBody2D3" index="0"]

position = Vector2( -12, -1 )
shape = SubResource( 10 )
_sections_unfolded = [ "Transform" ]

[node name="CornerLeftUp" type="Sprite" parent="." index="11"]

editor/display_folded = true
position = Vector2( 160, 64 )
texture = ExtResource( 1 )
region_enabled = true
region_rect = Rect2( 96, 32, 32, 32 )
_sections_unfolded = [ "Region" ]

[node name="StaticBody2D" type="StaticBody2D" parent="CornerLeftUp" index="0"]

input_pickable = false
collision_layer = 1
collision_mask = 1
constant_linear_velocity = Vector2( 0, 0 )
constant_angular_velocity = 0.0
friction = 1.0
bounce = 0.0
_sections_unfolded = [ "Transform" ]

[node name="CollisionShape2D" type="CollisionShape2D" parent="CornerLeftUp/StaticBody2D" index="0"]

position = Vector2( 0, 8 )
shape = SubResource( 12 )
_sections_unfolded = [ "Transform" ]

[node name="StaticBody2D2" type="StaticBody2D" parent="CornerLeftUp" index="1"]

input_pickable = false
collision_layer = 1
collision_mask = 1
constant_linear_velocity = Vector2( 0, 0 )
constant_angular_velocity = 0.0
friction = 1.0
bounce = 0.0
_sections_unfolded = [ "Transform" ]

[node name="CollisionShape2D" type="CollisionShape2D" parent="CornerLeftUp/StaticBody2D2" index="0"]

position = Vector2( -2, -8 )
shape = SubResource( 13 )
_sections_unfolded = [ "Transform" ]

[node name="StaticBody2D3" type="StaticBody2D" parent="CornerLeftUp" index="2"]

input_pickable = false
collision_layer = 1
collision_mask = 1
constant_linear_velocity = Vector2( 0, 0 )
constant_angular_velocity = 0.0
friction = 1.0
bounce = 0.0
_sections_unfolded = [ "Transform" ]

[node name="CollisionShape2D" type="CollisionShape2D" parent="CornerLeftUp/StaticBody2D3" index="0"]

position = Vector2( 12, 11 )
shape = SubResource( 14 )
_sections_unfolded = [ "Transform" ]

[node name="CornerRightUp" type="Sprite" parent="." index="12"]

editor/display_folded = true
position = Vector2( 208, 64 )
texture = ExtResource( 1 )
region_enabled = true
region_rect = Rect2( 128, 32, 32, 32 )
_sections_unfolded = [ "Region" ]

[node name="StaticBody2D" type="StaticBody2D" parent="CornerRightUp" index="0"]

input_pickable = false
collision_layer = 1
collision_mask = 1
constant_linear_velocity = Vector2( 0, 0 )
constant_angular_velocity = 0.0
friction = 1.0
bounce = 0.0
_sections_unfolded = [ "Transform" ]

[node name="CollisionShape2D" type="CollisionShape2D" parent="CornerRightUp/StaticBody2D" index="0"]

position = Vector2( 0, 8 )
shape = SubResource( 15 )
_sections_unfolded = [ "Transform" ]

[node name="StaticBody2D2" type="StaticBody2D" parent="CornerRightUp" index="1"]

input_pickable = false
collision_layer = 1
collision_mask = 1
constant_linear_velocity = Vector2( 0, 0 )
constant_angular_velocity = 0.0
friction = 1.0
bounce = 0.0
_sections_unfolded = [ "Transform" ]

[node name="CollisionShape2D" type="CollisionShape2D" parent="CornerRightUp/StaticBody2D2" index="0"]

position = Vector2( 2, -8 )
shape = SubResource( 16 )
_sections_unfolded = [ "Transform" ]

[node name="StaticBody2D3" type="StaticBody2D" parent="CornerRightUp" index="2"]

input_pickable = false
collision_layer = 1
collision_mask = 1
constant_linear_velocity = Vector2( 0, 0 )
constant_angular_velocity = 0.0
friction = 1.0
bounce = 0.0
_sections_unfolded = [ "Transform" ]

[node name="CollisionShape2D" type="CollisionShape2D" parent="CornerRightUp/StaticBody2D3" index="0"]

position = Vector2( -12, 11 )
shape = SubResource( 17 )
_sections_unfolded = [ "Transform" ]

[node name="ThreeWay0x0" type="Sprite" parent="." index="13"]

editor/display_folded = true
position = Vector2( 160, 112 )
texture = ExtResource( 1 )
region_enabled = true
region_rect = Rect2( 96, 64, 32, 32 )
_sections_unfolded = [ "Region" ]

[node name="StaticBody2D" type="StaticBody2D" parent="ThreeWay0x0" index="0"]

input_pickable = false
collision_layer = 1
collision_mask = 1
constant_linear_velocity = Vector2( 0, 0 )
constant_angular_velocity = 0.0
friction = 1.0
bounce = 0.0
_sections_unfolded = [ "Transform" ]

[node name="CollisionShape2D" type="CollisionShape2D" parent="ThreeWay0x0/StaticBody2D" index="0"]

position = Vector2( 0, 8 )
shape = SubResource( 18 )
_sections_unfolded = [ "Transform" ]

[node name="StaticBody2D2" type="StaticBody2D" parent="ThreeWay0x0" index="1"]

input_pickable = false
collision_layer = 1
collision_mask = 1
constant_linear_velocity = Vector2( 0, 0 )
constant_angular_velocity = 0.0
friction = 1.0
bounce = 0.0
_sections_unfolded = [ "Transform" ]

[node name="CollisionShape2D" type="CollisionShape2D" parent="ThreeWay0x0/StaticBody2D2" index="0"]

position = Vector2( -1, -8 )
shape = SubResource( 19 )
_sections_unfolded = [ "Transform" ]

[node name="StaticBody2D3" type="StaticBody2D" parent="ThreeWay0x0" index="2"]

input_pickable = false
collision_layer = 1
collision_mask = 1
constant_linear_velocity = Vector2( 0, 0 )
constant_angular_velocity = 0.0
friction = 1.0
bounce = 0.0
_sections_unfolded = [ "Transform" ]

[node name="CollisionShape2D" type="CollisionShape2D" parent="ThreeWay0x0/StaticBody2D3" index="0"]

position = Vector2( -12, 11 )
shape = SubResource( 20 )
_sections_unfolded = [ "Transform" ]

[node name="StaticBody2D4" type="StaticBody2D" parent="ThreeWay0x0" index="3"]

input_pickable = false
collision_layer = 1
collision_mask = 1
constant_linear_velocity = Vector2( 0, 0 )
constant_angular_velocity = 0.0
friction = 1.0
bounce = 0.0
_sections_unfolded = [ "Transform" ]

[node name="CollisionShape2D" type="CollisionShape2D" parent="ThreeWay0x0/StaticBody2D4" index="0"]

position = Vector2( 12, 9 )
shape = SubResource( 21 )
_sections_unfolded = [ "Transform" ]

[node name="ThreeWay0x1" type="Sprite" parent="." index="14"]

editor/display_folded = true
position = Vector2( 208, 112 )
texture = ExtResource( 1 )
region_enabled = true
region_rect = Rect2( 128, 64, 32, 32 )
_sections_unfolded = [ "Region" ]

[node name="StaticBody2D" type="StaticBody2D" parent="ThreeWay0x1" index="0"]

input_pickable = false
collision_layer = 1
collision_mask = 1
constant_linear_velocity = Vector2( 0, 0 )
constant_angular_velocity = 0.0
friction = 1.0
bounce = 0.0
_sections_unfolded = [ "Transform" ]

[node name="CollisionShape2D" type="CollisionShape2D" parent="ThreeWay0x1/StaticBody2D" index="0"]

position = Vector2( 0, 8 )
shape = SubResource( 22 )
_sections_unfolded = [ "Transform" ]

[node name="StaticBody2D2" type="StaticBody2D" parent="ThreeWay0x1" index="1"]

input_pickable = false
collision_layer = 1
collision_mask = 1
constant_linear_velocity = Vector2( 0, 0 )
constant_angular_velocity = 0.0
friction = 1.0
bounce = 0.0
_sections_unfolded = [ "Transform" ]

[node name="CollisionShape2D" type="CollisionShape2D" parent="ThreeWay0x1/StaticBody2D2" index="0"]

position = Vector2( 1, -8 )
shape = SubResource( 23 )
_sections_unfolded = [ "Transform" ]

[node name="StaticBody2D3" type="StaticBody2D" parent="ThreeWay0x1" index="2"]

input_pickable = false
collision_layer = 1
collision_mask = 1
constant_linear_velocity = Vector2( 0, 0 )
constant_angular_velocity = 0.0
friction = 1.0
bounce = 0.0
_sections_unfolded = [ "Transform" ]

[node name="CollisionShape2D" type="CollisionShape2D" parent="ThreeWay0x1/StaticBody2D3" index="0"]

position = Vector2( -12, 9 )
shape = SubResource( 24 )
_sections_unfolded = [ "Transform" ]

[node name="StaticBody2D4" type="StaticBody2D" parent="ThreeWay0x1" index="3"]

input_pickable = false
collision_layer = 1
collision_mask = 1
constant_linear_velocity = Vector2( 0, 0 )
constant_angular_velocity = 0.0
friction = 1.0
bounce = 0.0
_sections_unfolded = [ "Transform" ]

[node name="CollisionShape2D" type="CollisionShape2D" parent="ThreeWay0x1/StaticBody2D4" index="0"]

position = Vector2( 12, 11 )
shape = SubResource( 25 )
_sections_unfolded = [ "Transform" ]

[node name="HighPassLeft" type="Sprite" parent="." index="15"]

editor/display_folded = true
position = Vector2( 160, 160 )
texture = ExtResource( 1 )
region_enabled = true
region_rect = Rect2( 96, 96, 32, 32 )
_sections_unfolded = [ "Region", "Transform" ]
__meta__ = {
"_edit_group_": true
}

[node name="StaticBody2D" type="StaticBody2D" parent="HighPassLeft" index="0"]

input_pickable = false
collision_layer = 1
collision_mask = 1
constant_linear_velocity = Vector2( 0, 0 )
constant_angular_velocity = 0.0
friction = 1.0
bounce = 0.0
_sections_unfolded = [ "Transform" ]

[node name="CollisionShape2D" type="CollisionShape2D" parent="HighPassLeft/StaticBody2D" index="0"]

shape = SubResource( 26 )
_sections_unfolded = [ "Transform" ]

[node name="StaticBody2D2" type="StaticBody2D" parent="HighPassLeft" index="1"]

input_pickable = false
collision_layer = 1
collision_mask = 1
constant_linear_velocity = Vector2( 0, 0 )
constant_angular_velocity = 0.0
friction = 1.0
bounce = 0.0
_sections_unfolded = [ "Transform" ]

[node name="CollisionShape2D" type="CollisionShape2D" parent="HighPassLeft/StaticBody2D2" index="0"]

position = Vector2( 1, -12 )
shape = SubResource( 27 )
_sections_unfolded = [ "Transform" ]

[node name="StaticBody2D4" type="StaticBody2D" parent="HighPassLeft" index="2"]

input_pickable = false
collision_layer = 1
collision_mask = 1
constant_linear_velocity = Vector2( 0, 0 )
constant_angular_velocity = 0.0
friction = 1.0
bounce = 0.0
_sections_unfolded = [ "Transform" ]

[node name="CollisionShape2D" type="CollisionShape2D" parent="HighPassLeft/StaticBody2D4" index="0"]

position = Vector2( -2, 12 )
shape = SubResource( 28 )
_sections_unfolded = [ "Transform" ]

[node name="HighPassRight" type="Sprite" parent="." index="16"]

editor/display_folded = true
position = Vector2( 208, 160 )
texture = ExtResource( 1 )
region_enabled = true
region_rect = Rect2( 128, 96, 32, 32 )
_sections_unfolded = [ "Region", "Transform" ]
__meta__ = {
"_edit_group_": true
}

[node name="StaticBody2D" type="StaticBody2D" parent="HighPassRight" index="0"]

input_pickable = false
collision_layer = 1
collision_mask = 1
constant_linear_velocity = Vector2( 0, 0 )
constant_angular_velocity = 0.0
friction = 1.0
bounce = 0.0
_sections_unfolded = [ "Transform" ]

[node name="CollisionShape2D" type="CollisionShape2D" parent="HighPassRight/StaticBody2D" index="0"]

shape = SubResource( 29 )
_sections_unfolded = [ "Transform" ]

[node name="StaticBody2D2" type="StaticBody2D" parent="HighPassRight" index="1"]

input_pickable = false
collision_layer = 1
collision_mask = 1
constant_linear_velocity = Vector2( 0, 0 )
constant_angular_velocity = 0.0
friction = 1.0
bounce = 0.0
_sections_unfolded = [ "Transform" ]

[node name="CollisionShape2D" type="CollisionShape2D" parent="HighPassRight/StaticBody2D2" index="0"]

position = Vector2( -1, -12 )
shape = SubResource( 30 )
_sections_unfolded = [ "Transform" ]

[node name="StaticBody2D4" type="StaticBody2D" parent="HighPassRight" index="2"]

input_pickable = false
collision_layer = 1
collision_mask = 1
constant_linear_velocity = Vector2( 0, 0 )
constant_angular_velocity = 0.0
friction = 1.0
bounce = 0.0
_sections_unfolded = [ "Transform" ]

[node name="CollisionShape2D" type="CollisionShape2D" parent="HighPassRight/StaticBody2D4" index="0"]

position = Vector2( 2, 12 )
shape = SubResource( 31 )
_sections_unfolded = [ "Transform" ]

[node name="HighPassColumnRight" type="Sprite" parent="." index="17"]

editor/display_folded = true
position = Vector2( 160, 208 )
texture = ExtResource( 1 )
region_enabled = true
region_rect = Rect2( 96, 128, 32, 32 )
_sections_unfolded = [ "Region", "Transform" ]
__meta__ = {
"_edit_group_": true
}

[node name="StaticBody2D" type="StaticBody2D" parent="HighPassColumnRight" index="0"]

input_pickable = false
collision_layer = 1
collision_mask = 1
constant_linear_velocity = Vector2( 0, 0 )
constant_angular_velocity = 0.0
friction = 1.0
bounce = 0.0
_sections_unfolded = [ "Transform" ]

[node name="CollisionShape2D" type="CollisionShape2D" parent="HighPassColumnRight/StaticBody2D" index="0"]

position = Vector2( 1, 0 )
shape = SubResource( 32 )
_sections_unfolded = [ "Transform" ]

[node name="HighPassColumnLeft" type="Sprite" parent="." index="18"]

editor/display_folded = true
position = Vector2( 208, 208 )
texture = ExtResource( 1 )
region_enabled = true
region_rect = Rect2( 128, 128, 32, 32 )
_sections_unfolded = [ "Region", "Transform" ]
__meta__ = {
"_edit_group_": true
}

[node name="StaticBody2D" type="StaticBody2D" parent="HighPassColumnLeft" index="0"]

input_pickable = false
collision_layer = 1
collision_mask = 1
constant_linear_velocity = Vector2( 0, 0 )
constant_angular_velocity = 0.0
friction = 1.0
bounce = 0.0
_sections_unfolded = [ "Transform" ]

[node name="CollisionShape2D" type="CollisionShape2D" parent="HighPassColumnLeft/StaticBody2D" index="0"]

position = Vector2( -1, 0 )
shape = SubResource( 33 )
_sections_unfolded = [ "Transform" ]

[node name="CenterLeftUp" type="Sprite" parent="." index="19"]

editor/display_folded = true
position = Vector2( 16, 160 )
texture = ExtResource( 1 )
region_enabled = true
region_rect = Rect2( 0, 96, 32, 32 )
_sections_unfolded = [ "Animation", "Offset", "Region", "Transform" ]

[node name="StaticBody2D" type="StaticBody2D" parent="CenterLeftUp" index="0"]

input_pickable = false
collision_layer = 1
collision_mask = 1
constant_linear_velocity = Vector2( 0, 0 )
constant_angular_velocity = 0.0
friction = 1.0
bounce = 0.0
_sections_unfolded = [ "Transform" ]

[node name="CollisionShape2D" type="CollisionShape2D" parent="CenterLeftUp/StaticBody2D" index="0"]

position = Vector2( 12, 12 )
shape = SubResource( 34 )
_sections_unfolded = [ "Transform" ]

[node name="CenterRightUp" type="Sprite" parent="." index="20"]

editor/display_folded = true
position = Vector2( 65, 160 )
texture = ExtResource( 1 )
region_enabled = true
region_rect = Rect2( 32, 96, 32, 32 )
_sections_unfolded = [ "Animation", "Offset", "Region", "Transform" ]

[node name="StaticBody2D" type="StaticBody2D" parent="CenterRightUp" index="0"]

input_pickable = false
collision_layer = 1
collision_mask = 1
constant_linear_velocity = Vector2( 0, 0 )
constant_angular_velocity = 0.0
friction = 1.0
bounce = 0.0
_sections_unfolded = [ "Transform" ]

[node name="CollisionShape2D" type="CollisionShape2D" parent="CenterRightUp/StaticBody2D" index="0"]

position = Vector2( -12, 12 )
shape = SubResource( 35 )
_sections_unfolded = [ "Transform" ]

[node name="CenterLeftDown" type="Sprite" parent="." index="21"]

position = Vector2( 16, 208 )
texture = ExtResource( 1 )
region_enabled = true
region_rect = Rect2( 0, 128, 32, 32 )
_sections_unfolded = [ "Animation", "Offset", "Region", "Transform" ]

[node name="StaticBody2D" type="StaticBody2D" parent="CenterLeftDown" index="0"]

input_pickable = false
collision_layer = 1
collision_mask = 1
constant_linear_velocity = Vector2( 0, 0 )
constant_angular_velocity = 0.0
friction = 1.0
bounce = 0.0
_sections_unfolded = [ "Transform" ]

[node name="CollisionShape2D" type="CollisionShape2D" parent="CenterLeftDown/StaticBody2D" index="0"]

position = Vector2( 12, -9 )
shape = SubResource( 36 )
_sections_unfolded = [ "Transform" ]

[node name="CenterRightDown" type="Sprite" parent="." index="22"]

editor/display_folded = true
position = Vector2( 64, 208 )
texture = ExtResource( 1 )
region_enabled = true
region_rect = Rect2( 32, 128, 32, 32 )
_sections_unfolded = [ "Animation", "Offset", "Region", "Transform" ]

[node name="StaticBody2D" type="StaticBody2D" parent="CenterRightDown" index="0"]

input_pickable = false
collision_layer = 1
collision_mask = 1
constant_linear_velocity = Vector2( 0, 0 )
constant_angular_velocity = 0.0
friction = 1.0
bounce = 0.0
_sections_unfolded = [ "Transform" ]

[node name="CollisionShape2D" type="CollisionShape2D" parent="CenterRightDown/StaticBody2D" index="0"]

position = Vector2( -13, -9 )
shape = SubResource( 37 )
_sections_unfolded = [ "Transform" ]

[node name="PillarUp" type="Sprite" parent="." index="23"]

position = Vector2( 112, 160 )
texture = ExtResource( 1 )
region_enabled = true
region_rect = Rect2( 64, 96, 32, 32 )
_sections_unfolded = [ "Animation", "Offset", "Region", "Transform" ]

[node name="PillarDown" type="Sprite" parent="." index="24"]

editor/display_folded = true
position = Vector2( 112, 208 )
texture = ExtResource( 1 )
region_enabled = true
region_rect = Rect2( 64, 128, 32, 32 )
_sections_unfolded = [ "Animation", "Offset", "Region", "Transform" ]

[node name="StaticBody2D" type="StaticBody2D" parent="PillarDown" index="0"]

input_pickable = false
collision_layer = 1
collision_mask = 1
constant_linear_velocity = Vector2( 0, 0 )
constant_angular_velocity = 0.0
friction = 1.0
bounce = 0.0
_sections_unfolded = [ "Collision", "Transform" ]

[node name="CollisionShape2D" type="CollisionShape2D" parent="PillarDown/StaticBody2D" index="0"]

position = Vector2( 0, -4 )
shape = SubResource( 38 )
_sections_unfolded = [ "Transform" ]

[node name="CornerRight" type="Sprite" parent="." index="25"]

editor/display_folded = true
position = Vector2( 256, 16 )
texture = ExtResource( 1 )
region_enabled = true
region_rect = Rect2( 160, 0, 32, 32 )
_sections_unfolded = [ "Animation", "Offset", "Region", "Transform" ]
__meta__ = {
"_edit_group_": true
}

[node name="StaticBody2D" type="StaticBody2D" parent="CornerRight" index="0"]

input_pickable = false
collision_layer = 1
collision_mask = 1
constant_linear_velocity = Vector2( 0, 0 )
constant_angular_velocity = 0.0
friction = 1.0
bounce = 0.0
_sections_unfolded = [ "Collision", "Transform" ]

[node name="CollisionShape2D" type="CollisionShape2D" parent="CornerRight/StaticBody2D" index="0"]

position = Vector2( 0, 8 )
shape = SubResource( 39 )
_sections_unfolded = [ "Transform" ]

[node name="StaticBody2D2" type="StaticBody2D" parent="CornerRight" index="1"]

input_pickable = false
collision_layer = 1
collision_mask = 1
constant_linear_velocity = Vector2( 0, 0 )
constant_angular_velocity = 0.0
friction = 1.0
bounce = 0.0
_sections_unfolded = [ "Collision", "Transform" ]

[node name="CollisionShape2D" type="CollisionShape2D" parent="CornerRight/StaticBody2D2" index="0"]

position = Vector2( 12, 11 )
shape = SubResource( 40 )
_sections_unfolded = [ "Transform" ]

[node name="WallBorderDown" type="Sprite" parent="." index="26"]

editor/display_folded = true
position = Vector2( 304, 16 )
texture = ExtResource( 1 )
region_enabled = true
region_rect = Rect2( 192, 0, 32, 32 )
_sections_unfolded = [ "Animation", "Offset", "Region", "Transform" ]
__meta__ = {
"_edit_group_": true
}

[node name="StaticBody2D" type="StaticBody2D" parent="WallBorderDown" index="0"]

input_pickable = false
collision_layer = 1
collision_mask = 1
constant_linear_velocity = Vector2( 0, 0 )
constant_angular_velocity = 0.0
friction = 1.0
bounce = 0.0
_sections_unfolded = [ "Collision", "Transform" ]

[node name="CollisionShape2D" type="CollisionShape2D" parent="WallBorderDown/StaticBody2D" index="0"]

position = Vector2( 0, 11 )
shape = SubResource( 41 )
_sections_unfolded = [ "Transform" ]

[node name="CornerLeft" type="Sprite" parent="." index="27"]

editor/display_folded = true
position = Vector2( 352, 16 )
texture = ExtResource( 1 )
region_enabled = true
region_rect = Rect2( 224, 0, 32, 32 )
_sections_unfolded = [ "Animation", "Offset", "Region", "Transform" ]
__meta__ = {
"_edit_group_": true
}

[node name="StaticBody2D" type="StaticBody2D" parent="CornerLeft" index="0"]

input_pickable = false
collision_layer = 1
collision_mask = 1
constant_linear_velocity = Vector2( 0, 0 )
constant_angular_velocity = 0.0
friction = 1.0
bounce = 0.0
_sections_unfolded = [ "Collision", "Transform" ]

[node name="CollisionShape2D" type="CollisionShape2D" parent="CornerLeft/StaticBody2D" index="0"]

position = Vector2( 0, 8 )
shape = SubResource( 42 )
_sections_unfolded = [ "Transform" ]

[node name="StaticBody2D2" type="StaticBody2D" parent="CornerLeft" index="1"]

input_pickable = false
collision_layer = 1
collision_mask = 1
constant_linear_velocity = Vector2( 0, 0 )
constant_angular_velocity = 0.0
friction = 1.0
bounce = 0.0
_sections_unfolded = [ "Collision", "Transform" ]

[node name="CollisionShape2D" type="CollisionShape2D" parent="CornerLeft/StaticBody2D2" index="0"]

position = Vector2( -12, 11 )
shape = SubResource( 43 )
_sections_unfolded = [ "Transform" ]

[node name="VerticalLeftWall" type="Sprite" parent="." index="28"]

editor/display_folded = true
position = Vector2( 256, 64 )
texture = ExtResource( 1 )
region_enabled = true
region_rect = Rect2( 160, 32, 32, 32 )
_sections_unfolded = [ "Animation", "Offset", "Region", "Transform" ]
__meta__ = {
"_edit_group_": true
}

[node name="StaticBody2D" type="StaticBody2D" parent="VerticalLeftWall" index="0"]

input_pickable = false
collision_layer = 1
collision_mask = 1
constant_linear_velocity = Vector2( 0, 0 )
constant_angular_velocity = 0.0
friction = 1.0
bounce = 0.0
_sections_unfolded = [ "Collision", "Transform" ]

[node name="CollisionShape2D" type="CollisionShape2D" parent="VerticalLeftWall/StaticBody2D" index="0"]

position = Vector2( 6, 0 )
shape = SubResource( 44 )
_sections_unfolded = [ "Transform" ]

[node name="WallBase" type="Sprite" parent="." index="29"]

editor/display_folded = true
position = Vector2( 304, 64 )
texture = ExtResource( 1 )
region_enabled = true
region_rect = Rect2( 192, 32, 32, 32 )
_sections_unfolded = [ "Animation", "Offset", "Region", "Transform" ]
__meta__ = {
"_edit_group_": true
}

[node name="StaticBody2D" type="StaticBody2D" parent="WallBase" index="0"]

input_pickable = false
collision_layer = 1
collision_mask = 1
constant_linear_velocity = Vector2( 0, 0 )
constant_angular_velocity = 0.0
friction = 1.0
bounce = 0.0
_sections_unfolded = [ "Collision", "Transform" ]

[node name="CollisionShape2D" type="CollisionShape2D" parent="WallBase/StaticBody2D" index="0"]

position = Vector2( 0, -2 )
shape = SubResource( 45 )
_sections_unfolded = [ "Transform" ]

[node name="VerticalRightWall" type="Sprite" parent="." index="30"]

editor/display_folded = true
position = Vector2( 352, 64 )
texture = ExtResource( 1 )
region_enabled = true
region_rect = Rect2( 224, 32, 32, 32 )
_sections_unfolded = [ "Animation", "Offset", "Region" ]
__meta__ = {
"_edit_group_": true
}

[node name="StaticBody2D" type="StaticBody2D" parent="VerticalRightWall" index="0"]

input_pickable = false
collision_layer = 1
collision_mask = 1
constant_linear_velocity = Vector2( 0, 0 )
constant_angular_velocity = 0.0
friction = 1.0
bounce = 0.0
_sections_unfolded = [ "Collision", "Transform" ]

[node name="CollisionShape2D" type="CollisionShape2D" parent="VerticalRightWall/StaticBody2D" index="0"]

position = Vector2( -6, 0 )
shape = SubResource( 46 )
_sections_unfolded = [ "Transform" ]

[node name="VerticalLeft" type="Sprite" parent="." index="31"]

editor/display_folded = true
position = Vector2( 256, 112 )
texture = ExtResource( 1 )
region_enabled = true
region_rect = Rect2( 160, 64, 32, 32 )
_sections_unfolded = [ "Animation", "Offset", "Region" ]
__meta__ = {
"_edit_group_": true
}

[node name="StaticBody2D" type="StaticBody2D" parent="VerticalLeft" index="0"]

input_pickable = false
collision_layer = 1
collision_mask = 1
constant_linear_velocity = Vector2( 0, 0 )
constant_angular_velocity = 0.0
friction = 1.0
bounce = 0.0
_sections_unfolded = [ "Collision", "Transform" ]

[node name="CollisionShape2D" type="CollisionShape2D" parent="VerticalLeft/StaticBody2D" index="0"]

position = Vector2( -1, 0 )
shape = SubResource( 47 )
_sections_unfolded = [ "Transform" ]

[node name="Grass" type="Sprite" parent="." index="32"]

position = Vector2( 304, 112 )
texture = ExtResource( 1 )
region_enabled = true
region_rect = Rect2( 192, 64, 32, 32 )
_sections_unfolded = [ "Animation", "Offset", "Region", "Transform" ]
__meta__ = {
"_edit_group_": true
}

[node name="VerticalRight" type="Sprite" parent="." index="33"]

editor/display_folded = true
position = Vector2( 352, 112 )
texture = ExtResource( 1 )
region_enabled = true
region_rect = Rect2( 224, 64, 32, 32 )
_sections_unfolded = [ "Animation", "Offset", "Region" ]
__meta__ = {
"_edit_group_": true
}

[node name="StaticBody2D" type="StaticBody2D" parent="VerticalRight" index="0"]

input_pickable = false
collision_layer = 1
collision_mask = 1
constant_linear_velocity = Vector2( 0, 0 )
constant_angular_velocity = 0.0
friction = 1.0
bounce = 0.0
_sections_unfolded = [ "Collision", "Transform" ]

[node name="CollisionShape2D" type="CollisionShape2D" parent="VerticalRight/StaticBody2D" index="0"]

position = Vector2( 1, 0 )
shape = SubResource( 48 )
_sections_unfolded = [ "Transform" ]

[node name="CornerUpRight" type="Sprite" parent="." index="34"]

editor/display_folded = true
position = Vector2( 256, 160 )
texture = ExtResource( 1 )
region_enabled = true
region_rect = Rect2( 160, 96, 32, 32 )
_sections_unfolded = [ "Animation", "Offset", "Region" ]
__meta__ = {
"_edit_group_": true
}

[node name="StaticBody2D" type="StaticBody2D" parent="CornerUpRight" index="0"]

input_pickable = false
collision_layer = 1
collision_mask = 1
constant_linear_velocity = Vector2( 0, 0 )
constant_angular_velocity = 0.0
friction = 1.0
bounce = 0.0
_sections_unfolded = [ "Collision", "Transform" ]

[node name="CollisionShape2D" type="CollisionShape2D" parent="CornerUpRight/StaticBody2D" index="0"]

position = Vector2( 0, -2 )
shape = SubResource( 49 )
_sections_unfolded = [ "Transform" ]

[node name="StaticBody2D2" type="StaticBody2D" parent="CornerUpRight" index="1"]

input_pickable = false
collision_layer = 1
collision_mask = 1
constant_linear_velocity = Vector2( 0, 0 )
constant_angular_velocity = 0.0
friction = 1.0
bounce = 0.0
_sections_unfolded = [ "Collision", "Transform" ]

[node name="CollisionShape2D" type="CollisionShape2D" parent="CornerUpRight/StaticBody2D2" index="0"]

position = Vector2( -1, -13 )
shape = SubResource( 50 )
_sections_unfolded = [ "Transform" ]

[node name="StaticBody2D3" type="StaticBody2D" parent="CornerUpRight" index="2"]

input_pickable = false
collision_layer = 1
collision_mask = 1
constant_linear_velocity = Vector2( 0, 0 )
constant_angular_velocity = 0.0
friction = 1.0
bounce = 0.0
_sections_unfolded = [ "Collision", "Transform" ]

[node name="CollisionShape2D" type="CollisionShape2D" parent="CornerUpRight/StaticBody2D3" index="0"]

position = Vector2( 13, -1 )
shape = SubResource( 51 )
_sections_unfolded = [ "Transform" ]

[node name="BorderDown" type="Sprite" parent="." index="35"]

position = Vector2( 304, 160 )
texture = ExtResource( 1 )
region_enabled = true
region_rect = Rect2( 192, 96, 32, 32 )
_sections_unfolded = [ "Animation", "Offset", "Region" ]
__meta__ = {
"_edit_group_": true
}

[node name="StaticBody2D" type="StaticBody2D" parent="BorderDown" index="0"]

input_pickable = false
collision_layer = 1
collision_mask = 1
constant_linear_velocity = Vector2( 0, 0 )
constant_angular_velocity = 0.0
friction = 1.0
bounce = 0.0
_sections_unfolded = [ "Collision", "Transform" ]

[node name="CollisionShape2D" type="CollisionShape2D" parent="BorderDown/StaticBody2D" index="0"]

position = Vector2( 0, -1 )
shape = SubResource( 52 )
_sections_unfolded = [ "Transform" ]

[node name="CornerLeftUp2" type="Sprite" parent="." index="36"]

position = Vector2( 352, 160 )
texture = ExtResource( 1 )
region_enabled = true
region_rect = Rect2( 224, 96, 32, 32 )
_sections_unfolded = [ "Animation", "Offset", "Region" ]
__meta__ = {
"_edit_group_": true
}

[node name="StaticBody2D" type="StaticBody2D" parent="CornerLeftUp2" index="0"]

input_pickable = false
collision_layer = 1
collision_mask = 1
constant_linear_velocity = Vector2( 0, 0 )
constant_angular_velocity = 0.0
friction = 1.0
bounce = 0.0
_sections_unfolded = [ "Collision", "Transform" ]

[node name="CollisionShape2D" type="CollisionShape2D" parent="CornerLeftUp2/StaticBody2D" index="0"]

position = Vector2( 0, -2 )
shape = SubResource( 53 )
_sections_unfolded = [ "Transform" ]

[node name="StaticBody2D2" type="StaticBody2D" parent="CornerLeftUp2" index="1"]

input_pickable = false
collision_layer = 1
collision_mask = 1
constant_linear_velocity = Vector2( 0, 0 )
constant_angular_velocity = 0.0
friction = 1.0
bounce = 0.0
_sections_unfolded = [ "Collision", "Transform" ]

[node name="CollisionShape2D" type="CollisionShape2D" parent="CornerLeftUp2/StaticBody2D2" index="0"]

position = Vector2( 1, -13 )
shape = SubResource( 54 )
_sections_unfolded = [ "Transform" ]

[node name="StaticBody2D3" type="StaticBody2D" parent="CornerLeftUp2" index="2"]

input_pickable = false
collision_layer = 1
collision_mask = 1
constant_linear_velocity = Vector2( 0, 0 )
constant_angular_velocity = 0.0
friction = 1.0
bounce = 0.0
_sections_unfolded = [ "Collision", "Transform" ]

[node name="CollisionShape2D" type="CollisionShape2D" parent="CornerLeftUp2/StaticBody2D3" index="0"]

position = Vector2( -12, -1 )
shape = SubResource( 55 )
_sections_unfolded = [ "Transform" ]

[node name="WallButtonOff" type="Sprite" parent="." index="37"]

position = Vector2( 16, 352 )
texture = ExtResource( 1 )
region_enabled = true
region_rect = Rect2( 0, 224, 32, 32 )
_sections_unfolded = [ "Region", "Transform" ]
__meta__ = {
"_edit_group_": true
}

[node name="StaticBody2D" type="StaticBody2D" parent="WallButtonOff" index="0"]

input_pickable = false
collision_layer = 1
collision_mask = 1
constant_linear_velocity = Vector2( 0, 0 )
constant_angular_velocity = 0.0
friction = 1.0
bounce = 0.0
_sections_unfolded = [ "Transform" ]

[node name="CollisionShape2D" type="CollisionShape2D" parent="WallButtonOff/StaticBody2D" index="0"]

position = Vector2( 0, -2 )
shape = SubResource( 56 )
_sections_unfolded = [ "Transform" ]

[node name="WallButtonOn" type="Sprite" parent="." index="38"]

position = Vector2( 64, 352 )
texture = ExtResource( 1 )
region_enabled = true
region_rect = Rect2( 32, 224, 32, 32 )
_sections_unfolded = [ "Region", "Transform" ]
__meta__ = {
"_edit_group_": true
}

[node name="StaticBody2D" type="StaticBody2D" parent="WallButtonOn" index="0"]

input_pickable = false
collision_layer = 1
collision_mask = 1
constant_linear_velocity = Vector2( 0, 0 )
constant_angular_velocity = 0.0
friction = 1.0
bounce = 0.0
_sections_unfolded = [ "Transform" ]

[node name="CollisionShape2D" type="CollisionShape2D" parent="WallButtonOn/StaticBody2D" index="0"]

position = Vector2( 0, -2 )
shape = SubResource( 57 )
_sections_unfolded = [ "Transform" ]

[node name="WallBar" type="Sprite" parent="." index="39"]

editor/display_folded = true
position = Vector2( 112, 352 )
texture = ExtResource( 1 )
region_enabled = true
region_rect = Rect2( 64, 224, 32, 32 )
_sections_unfolded = [ "Region", "Transform" ]
__meta__ = {
"_edit_group_": true
}

[node name="StaticBody2D" type="StaticBody2D" parent="WallBar" index="0"]

input_pickable = false
collision_layer = 1
collision_mask = 1
constant_linear_velocity = Vector2( 0, 0 )
constant_angular_velocity = 0.0
friction = 1.0
bounce = 0.0
_sections_unfolded = [ "Transform" ]

[node name="CollisionShape2D" type="CollisionShape2D" parent="WallBar/StaticBody2D" index="0"]

position = Vector2( 0, -2 )
shape = SubResource( 57 )
_sections_unfolded = [ "Transform" ]

[node name="WallSwitch" type="Sprite" parent="." index="40"]

position = Vector2( 160, 352 )
texture = ExtResource( 1 )
region_enabled = true
region_rect = Rect2( 96, 224, 32, 32 )
_sections_unfolded = [ "Region", "Transform" ]
__meta__ = {
"_edit_group_": true
}

[node name="StaticBody2D" type="StaticBody2D" parent="WallSwitch" index="0"]

input_pickable = false
collision_layer = 1
collision_mask = 1
constant_linear_velocity = Vector2( 0, 0 )
constant_angular_velocity = 0.0
friction = 1.0
bounce = 0.0
_sections_unfolded = [ "Transform" ]

[node name="CollisionShape2D" type="CollisionShape2D" parent="WallSwitch/StaticBody2D" index="0"]

position = Vector2( 0, -2 )
shape = SubResource( 57 )
_sections_unfolded = [ "Transform" ]

[node name="DoorClosed" type="Sprite" parent="." index="41"]

editor/display_folded = true
position = Vector2( 208, 352 )
texture = ExtResource( 1 )
region_enabled = true
region_rect = Rect2( 128, 224, 32, 32 )
_sections_unfolded = [ "Region", "Transform" ]
__meta__ = {
"_edit_group_": true
}

[node name="StaticBody2D" type="StaticBody2D" parent="DoorClosed" index="0"]

input_pickable = false
collision_layer = 1
collision_mask = 1
constant_linear_velocity = Vector2( 0, 0 )
constant_angular_velocity = 0.0
friction = 1.0
bounce = 0.0
_sections_unfolded = [ "Transform" ]

[node name="CollisionShape2D" type="CollisionShape2D" parent="DoorClosed/StaticBody2D" index="0"]

position = Vector2( 0, -2 )
shape = SubResource( 57 )
_sections_unfolded = [ "Transform" ]

[node name="DoorOpening" type="Sprite" parent="." index="42"]

editor/display_folded = true
position = Vector2( 254, 352 )
texture = ExtResource( 1 )
region_enabled = true
region_rect = Rect2( 160, 224, 32, 32 )
_sections_unfolded = [ "Region", "Transform" ]
__meta__ = {
"_edit_group_": true
}

[node name="StaticBody2D" type="StaticBody2D" parent="DoorOpening" index="0"]

input_pickable = false
collision_layer = 1
collision_mask = 1
constant_linear_velocity = Vector2( 0, 0 )
constant_angular_velocity = 0.0
friction = 1.0
bounce = 0.0
_sections_unfolded = [ "Transform" ]

[node name="CollisionShape2D" type="CollisionShape2D" parent="DoorOpening/StaticBody2D" index="0"]

position = Vector2( 0, -2 )
shape = SubResource( 57 )
_sections_unfolded = [ "Transform" ]

[node name="DoorOpening2" type="Sprite" parent="." index="43"]

editor/display_folded = true
position = Vector2( 304, 352 )
texture = ExtResource( 1 )
region_enabled = true
region_rect = Rect2( 192, 224, 32, 32 )
_sections_unfolded = [ "Region", "Transform" ]
__meta__ = {
"_edit_group_": true
}

[node name="StaticBody2D" type="StaticBody2D" parent="DoorOpening2" index="0"]

input_pickable = false
collision_layer = 1
collision_mask = 1
constant_linear_velocity = Vector2( 0, 0 )
constant_angular_velocity = 0.0
friction = 1.0
bounce = 0.0
_sections_unfolded = [ "Transform" ]

[node name="CollisionShape2D" type="CollisionShape2D" parent="DoorOpening2/StaticBody2D" index="0"]

position = Vector2( 0, -2 )
shape = SubResource( 57 )
_sections_unfolded = [ "Transform" ]

[node name="DoorOpened" type="Sprite" parent="." index="44"]

editor/display_folded = true
position = Vector2( 352, 352 )
texture = ExtResource( 1 )
region_enabled = true
region_rect = Rect2( 224, 224, 32, 32 )
_sections_unfolded = [ "Region", "Transform" ]
__meta__ = {
"_edit_group_": true
}

[node name="StaticBody2D" type="StaticBody2D" parent="DoorOpened" index="0"]

input_pickable = false
collision_layer = 1
collision_mask = 1
constant_linear_velocity = Vector2( 0, 0 )
constant_angular_velocity = 0.0
friction = 1.0
bounce = 0.0
_sections_unfolded = [ "Transform" ]

[node name="CollisionShape2D" type="CollisionShape2D" parent="DoorOpened/StaticBody2D" index="0"]

position = Vector2( 0, -2 )
shape = SubResource( 57 )
_sections_unfolded = [ "Transform" ]

[node name="ChestClosed" type="Sprite" parent="." index="45"]

editor/display_folded = true
position = Vector2( 400, 352 )
texture = ExtResource( 1 )
region_enabled = true
region_rect = Rect2( 256, 224, 32, 32 )
_sections_unfolded = [ "Region", "Transform" ]
__meta__ = {
"_edit_group_": true
}

[node name="StaticBody2D" type="StaticBody2D" parent="ChestClosed" index="0"]

input_pickable = false
collision_layer = 1
collision_mask = 1
constant_linear_velocity = Vector2( 0, 0 )
constant_angular_velocity = 0.0
friction = 1.0
bounce = 0.0
_sections_unfolded = [ "Transform" ]

[node name="CollisionShape2D" type="CollisionShape2D" parent="ChestClosed/StaticBody2D" index="0"]

position = Vector2( -2, 6 )
shape = SubResource( 58 )
_sections_unfolded = [ "Transform" ]

[node name="ChestOpening" type="Sprite" parent="." index="46"]

editor/display_folded = true
position = Vector2( 448, 352 )
texture = ExtResource( 1 )
region_enabled = true
region_rect = Rect2( 288, 224, 32, 32 )
_sections_unfolded = [ "Region" ]
__meta__ = {
"_edit_group_": true
}

[node name="StaticBody2D" type="StaticBody2D" parent="ChestOpening" index="0"]

input_pickable = false
collision_layer = 1
collision_mask = 1
constant_linear_velocity = Vector2( 0, 0 )
constant_angular_velocity = 0.0
friction = 1.0
bounce = 0.0
_sections_unfolded = [ "Transform" ]

[node name="CollisionShape2D" type="CollisionShape2D" parent="ChestOpening/StaticBody2D" index="0"]

position = Vector2( -2, 6 )
shape = SubResource( 58 )
_sections_unfolded = [ "Transform" ]

[node name="ChestOpening2" type="Sprite" parent="." index="47"]

editor/display_folded = true
position = Vector2( 496, 352 )
texture = ExtResource( 1 )
region_enabled = true
region_rect = Rect2( 320, 224, 32, 32 )
_sections_unfolded = [ "Region" ]
__meta__ = {
"_edit_group_": true
}

[node name="StaticBody2D" type="StaticBody2D" parent="ChestOpening2" index="0"]

input_pickable = false
collision_layer = 1
collision_mask = 1
constant_linear_velocity = Vector2( 0, 0 )
constant_angular_velocity = 0.0
friction = 1.0
bounce = 0.0
_sections_unfolded = [ "Transform" ]

[node name="CollisionShape2D" type="CollisionShape2D" parent="ChestOpening2/StaticBody2D" index="0"]

position = Vector2( -2, 6 )
shape = SubResource( 58 )
_sections_unfolded = [ "Transform" ]

[node name="ChestOpening3" type="Sprite" parent="." index="48"]

editor/display_folded = true
position = Vector2( 544, 352 )
texture = ExtResource( 1 )
region_enabled = true
region_rect = Rect2( 352, 224, 32, 32 )
_sections_unfolded = [ "Region" ]
__meta__ = {
"_edit_group_": true
}

[node name="StaticBody2D" type="StaticBody2D" parent="ChestOpening3" index="0"]

input_pickable = false
collision_layer = 1
collision_mask = 1
constant_linear_velocity = Vector2( 0, 0 )
constant_angular_velocity = 0.0
friction = 1.0
bounce = 0.0
_sections_unfolded = [ "Transform" ]

[node name="CollisionShape2D" type="CollisionShape2D" parent="ChestOpening3/StaticBody2D" index="0"]

position = Vector2( -2, 6 )
shape = SubResource( 58 )
_sections_unfolded = [ "Transform" ]

[node name="ChestOpening4" type="Sprite" parent="." index="49"]

editor/display_folded = true
position = Vector2( 592, 352 )
texture = ExtResource( 1 )
region_enabled = true
region_rect = Rect2( 384, 224, 32, 32 )
_sections_unfolded = [ "Region" ]
__meta__ = {
"_edit_group_": true
}

[node name="StaticBody2D" type="StaticBody2D" parent="ChestOpening4" index="0"]

input_pickable = false
collision_layer = 1
collision_mask = 1
constant_linear_velocity = Vector2( 0, 0 )
constant_angular_velocity = 0.0
friction = 1.0
bounce = 0.0
_sections_unfolded = [ "Transform" ]

[node name="CollisionShape2D" type="CollisionShape2D" parent="ChestOpening4/StaticBody2D" index="0"]

position = Vector2( -2, 6 )
shape = SubResource( 58 )
_sections_unfolded = [ "Transform" ]

[node name="ChestOpened" type="Sprite" parent="." index="50"]

editor/display_folded = true
position = Vector2( 640, 352 )
texture = ExtResource( 1 )
region_enabled = true
region_rect = Rect2( 416, 224, 32, 32 )
_sections_unfolded = [ "Region" ]
__meta__ = {
"_edit_group_": true
}

[node name="StaticBody2D" type="StaticBody2D" parent="ChestOpened" index="0"]

input_pickable = false
collision_layer = 1
collision_mask = 1
constant_linear_velocity = Vector2( 0, 0 )
constant_angular_velocity = 0.0
friction = 1.0
bounce = 0.0
_sections_unfolded = [ "Transform" ]

[node name="CollisionShape2D" type="CollisionShape2D" parent="ChestOpened/StaticBody2D" index="0"]

position = Vector2( -2, 6 )
shape = SubResource( 58 )
_sections_unfolded = [ "Transform" ]

[node name="Box" type="Sprite" parent="." index="51"]

editor/display_folded = true
position = Vector2( 688, 352 )
texture = ExtResource( 1 )
region_enabled = true
region_rect = Rect2( 448, 224, 32, 32 )
_sections_unfolded = [ "Region" ]
__meta__ = {
"_edit_group_": true
}

[node name="StaticBody2D" type="StaticBody2D" parent="Box" index="0"]

input_pickable = false
collision_layer = 1
collision_mask = 1
constant_linear_velocity = Vector2( 0, 0 )
constant_angular_velocity = 0.0
friction = 1.0
bounce = 0.0
_sections_unfolded = [ "Transform" ]

[node name="CollisionShape2D" type="CollisionShape2D" parent="Box/StaticBody2D" index="0"]

position = Vector2( 0, 6 )
shape = SubResource( 59 )
_sections_unfolded = [ "Transform" ]

[node name="Rocks" type="Sprite" parent="." index="52"]

editor/display_folded = true
position = Vector2( 736, 352 )
texture = ExtResource( 1 )
region_enabled = true
region_rect = Rect2( 480, 224, 32, 32 )
_sections_unfolded = [ "Region" ]
__meta__ = {
"_edit_group_": true
}

[node name="StaticBody2D" type="StaticBody2D" parent="Rocks" index="0"]

input_pickable = false
collision_layer = 1
collision_mask = 1
constant_linear_velocity = Vector2( 0, 0 )
constant_angular_velocity = 0.0
friction = 1.0
bounce = 0.0
_sections_unfolded = [ "Transform" ]

[node name="CollisionShape2D" type="CollisionShape2D" parent="Rocks/StaticBody2D" index="0"]

position = Vector2( 0, -2 )
shape = SubResource( 60 )
disabled = true
_sections_unfolded = [ "Transform" ]

[node name="Rocks2" type="Sprite" parent="." index="53"]

editor/display_folded = true
position = Vector2( 784, 352 )
texture = ExtResource( 1 )
region_enabled = true
region_rect = Rect2( 512, 224, 32, 32 )
_sections_unfolded = [ "Region" ]
__meta__ = {
"_edit_group_": true
}

[node name="StaticBody2D" type="StaticBody2D" parent="Rocks2" index="0"]

input_pickable = false
collision_layer = 1
collision_mask = 1
constant_linear_velocity = Vector2( 0, 0 )
constant_angular_velocity = 0.0
friction = 1.0
bounce = 0.0
_sections_unfolded = [ "Transform" ]

[node name="CollisionShape2D" type="CollisionShape2D" parent="Rocks2/StaticBody2D" index="0"]

position = Vector2( 0, -2 )
shape = SubResource( 60 )
disabled = true
_sections_unfolded = [ "Transform" ]

[node name="Rocks3" type="Sprite" parent="." index="54"]

editor/display_folded = true
position = Vector2( 832, 352 )
texture = ExtResource( 1 )
region_enabled = true
region_rect = Rect2( 544, 224, 32, 32 )
_sections_unfolded = [ "Region" ]
__meta__ = {
"_edit_group_": true
}

[node name="StaticBody2D" type="StaticBody2D" parent="Rocks3" index="0"]

input_pickable = false
collision_layer = 1
collision_mask = 1
constant_linear_velocity = Vector2( 0, 0 )
constant_angular_velocity = 0.0
friction = 1.0
bounce = 0.0
_sections_unfolded = [ "Transform" ]

[node name="CollisionShape2D" type="CollisionShape2D" parent="Rocks3/StaticBody2D" index="0"]

position = Vector2( 0, -2 )
shape = SubResource( 60 )
disabled = true
_sections_unfolded = [ "Transform" ]

[node name="Rocks4" type="Sprite" parent="." index="55"]

editor/display_folded = true
position = Vector2( 880, 352 )
texture = ExtResource( 1 )
region_enabled = true
region_rect = Rect2( 576, 224, 32, 32 )
_sections_unfolded = [ "Region" ]
__meta__ = {
"_edit_group_": true
}

[node name="StaticBody2D" type="StaticBody2D" parent="Rocks4" index="0"]

input_pickable = false
collision_layer = 1
collision_mask = 1
constant_linear_velocity = Vector2( 0, 0 )
constant_angular_velocity = 0.0
friction = 1.0
bounce = 0.0
_sections_unfolded = [ "Transform" ]

[node name="CollisionShape2D" type="CollisionShape2D" parent="Rocks4/StaticBody2D" index="0"]

position = Vector2( 0, -2 )
shape = SubResource( 60 )
disabled = true
_sections_unfolded = [ "Transform" ]


